@misc{Flappybird,
    author = {Sophia Wilson},
    title = {{The strange tale of Flappy Bird}},
    year = {2020},
    note = {Last accessed 7 October 2020},
    url = {https://www.dailyscanner.com/design-a-game-like-flappy-bird/}
}